@misc{frenchb,
author = {Flipo, Daniel},
title = {Documentation sur le module babel-french},
note = {\url{http://daniel.flipo.free.fr/frenchb/frenchb-doc.pdf}}
}

@misc{siunitx,
author = {Wright, Joseph},
title = {siunitx - A comprehensive (SI) units package},
note = {\url{ftp://ftp.dante.de/ctan%3A/macros/latex/exptl/siunitx/siunitx.pdf}}
}

@misc{fncychap,
author = {Lindgren, Ulf},
title = {FncyChap V1.34},
note = {\url{http://ctan.mines-albi.fr/macros/latex/contrib/fncychap/fncychap.pdf}}
}